@article{street1937new,
  title={New evidence for the existence of a particle of mass intermediate between the proton and electron},
  author={Street, J Curry and Stevenson, EC},
  journal={Physical Review},
  volume={52},
  number={9},
  pages={1003},
  year={1937},
  publisher={APS}
}

@article{Workman2022ynf,
    author = "Workman, R. L. and others",
    collaboration = "Particle Data Group",
    title = "{Review of Particle Physics}",
    doi = "10.1093/ptep/ptac097",
    journal = "PTEP",
    volume = "2022",
    pages = "083C01",
    year = "2022"
}

@article{checchia2016review,
  title={Review of possible applications of cosmic muon tomography},
  author={Checchia, Paolo},
  journal={Journal of Instrumentation},
  volume={11},
  number={12},
  pages={C12072},
  year={2016},
  publisher={IOP Publishing}
}

@article{ahlen1993muon,
  title="{Muon astronomy with the MACRO detector}",
  author={Ahlen, S and Ambrosio, M and Antolini, R and Auriemma, G and Baldini, A and Bam, B and Barbarino, G and Barish, B and Battistoni, G and Bellotti, R and others},
  journal={The Astrophysical Journal},
  volume={412},
  pages={301--311},
  year={1993}
}

@article{delahaye2019muon,
  title={Muon colliders},
  author={Delahaye, Jean Pierre and Diemoz, Marcella and Long, Ken and Mansouli{\'e}, Bruno and Pastrone, Nadia and Rivkin, Lenny and Schulte, Daniel and Skrinsky, Alexander and Wulzer, Andrea},
  journal={arXiv preprint arXiv:1901.06150},
  year={2019}
}

@article{keshavarzi2022muon,
  title={Muon g-2: A review},
  author={Keshavarzi, Alex and Khaw, Kim Siang and Yoshioka, Tamaki},
  journal={Nuclear Physics B},
  pages={115675},
  year={2022},
  publisher={Elsevier}
}

@article{akgun2008afterpulse,
  title={Afterpulse timing and rate investigation of three different Hamamatsu Photomultiplier Tubes},
  author={Akgun, U and Ayan, AS and Aydin, G and Duru, F and Olson, J and Onel, Y},
  journal={Journal of Instrumentation},
  volume={3},
  number={01},
  pages={T01001},
  year={2008},
  publisher={IOP Publishing}
}

@article{pearson1900x,
  title={X. On the criterion that a given system of deviations from the probable in the case of a correlated system of variables is such that it can be reasonably supposed to have arisen from random sampling},
  author={Pearson, Karl},
  journal={The London, Edinburgh, and Dublin Philosophical Magazine and Journal of Science},
  volume={50},
  number={302},
  pages={157--175},
  year={1900},
  publisher={Taylor \& Francis}
}

@book{hamamatsu2017pmt,
  title={Photomultiplier Tubes, Basics and applications 4th edition},
  author="{Hamamatsu Photonics K.K. Editorial Committee}",
  pages={79},
  year={2017},
  publisher={Hamamatsu Photonics K.K. Electron Tube Division}
}

@article{khachatryan2010measurement,
  title="{Measurement of the charge ratio of atmospheric muons with the CMS detector}",
  author={Khachatryan, Vardan and Sirunyan, Albert M and Tumasyan, Armen and Adam, W and Bergauer, T and Dragicevic, M and Er{\"o}, J and Fabjan, C and Friedl, M and Fruehwirth, R and others},
  journal={Physics Letters B},
  volume={692},
  number={2},
  pages={83--104},
  year={2010},
  publisher={Elsevier}
}

@article{suzuki1987total,
  title={Total nuclear capture rates for negative muons},
  author={Suzuki, T and Measday, David F and Roalsvig, JP},
  journal={Physical Review C},
  volume={35},
  number={6},
  pages={2212},
  year={1987},
  publisher={APS}
}

@article{awang2015influence,
  title={Influence of kenaf and polypropylene fibres on mechanical and durability properties of fibre reinforced lightweight foamed concrete},
  author={Awang, H and Ahmad, M Hafiz and Al-Mulali, MZ},
  journal={Journal of Engineering Science and Technology},
  volume={10},
  number={4},
  pages={496--508},
  year={2015}
}

@inproceedings{nayel2018characterisation,
  title={Characterisation of prepared rice husk ash and its effects on strength development in recycled aggregate concrete},
  author={Nayel, IH and Burhan, SK and Nasr, MS},
  booktitle={IOP Conference Series: Materials Science and Engineering},
  volume={433},
  pages={012009},
  year={2018},
  organization={IOP Publishing}
}